@book{nesterov1994interior,
	Author = {Nesterov, Y. and Nemirovskii, A. and Ye, Y.},
	Date-Added = {2014-03-31 13:57:18 +0000},
	Date-Modified = {2014-03-31 13:57:26 +0000},
	Publisher = {SIAM},
	Title = {Interior-point polynomial algorithms in convex programming},
	Volume = {13},
	Year = {1994}}
	
@Book{Ciarlet-Book,
  author =	"P. G. Ciarlet",
  title =	"Introduction to Numerical Linear Algebra and
		 Optimisation",
  publisher =	"Cambridge University Press",
  address =	"Cambridge",
  note = 	"Originally published in French under the title, {\em
		 Introduction \`a l'analyse num\'erique matricielle et
		 \`a l'optimisation} in 1982",
  year = 	"1989",
  ISBN = 	"0-521-32788-1",
}
	
@BOOK{sethian-book,
  author       = {J.A. Sethian},
  title        = {Level Sets Methods and Fast Marching Methods},
  subtitle     = {{E}volving {I}nterfaces in {C}omputational {G}eometry, {F}luid
                  {M}echanics, {C}omputer {V}ision, and {M}aterials {S}cience},
  publisher    = {Cambridge University Press},
  edition      = {2nd},
  year         = 1999,
}


@article{FehrenbachMirebeau,
year={2014},
issn={0924-9907},
journal={Journal of Mathematical Imaging and Vision},
volume={49},
number={1},
title={Sparse Non-negative Stencils for Anisotropic Diffusion},
publisher={Springer US},
keywords={Anisotropic diffusion; Non-negative numerical scheme; Lattice basis reduction},
author={Fehrenbach, J. and Mirebeau, J-M.},
pages={123--147},
language={English}
}

@book{WeickertBook,
  title={Anisotropic Diffusion in Image Processing},
  author={J. Weickert},
  year={1998},
  publisher={Teubner, Stuttgart}
}


@article{ErbarHeatManifold,
  title={The heat equation on manifolds as a gradient flow in the {Wasserstein} space},
  author={M. Erbar},
  journal={Annales de l'Institut Henri Poincar\'e, Probabilités et Statistiques},
  volume={46},
  number={1},
  pages={1--23},
  year={2010},
}
  

@PhDThesis{agueh2002existence,
  title={Existence of solutions to degenerate parabolic equations via the {Monge-Kantorovich} theory.},
  author={Agueh, M.},
  school={Georgia Institute of Technology, USA},
  year={2002}
}


@article{maury2010macroscopic,
  title={A macroscopic crowd motion model of gradient flow type},
  author={Maury, B. and Roudneff-Chupin, A. and Santambrogio, F.},
  journal={Mathematical Models and Methods in Applied Sciences},
  volume={20},
  number={10},
  pages={1787--1821},
  year={2010},
  publisher={World Scientific}
}



@book{ambrosio2006gradient,
  title={Gradient flows: in metric spaces and in the space of probability measures},
  author={Ambrosio, L. and Gigli, N. and Savar{\'e}, G.},
  year={2006},
  publisher={Springer}
}

@article{jordan1998variational,
  title={The variational formulation of the {Fokker}-{Planck} equation},
  author={Jordan, R. and Kinderlehrer, D. and Otto, O.},
  journal={SIAM journal on mathematical analysis},
  volume={29},
  number={1},
  pages={1--17},
  year={1998},
  publisher={SIAM}
}

@article{otto2001geometry,
  title={The geometry of dissipative evolution equations: the porous medium equation},
  author={Otto, F.},
  year={2001},
journal={Communications in partial differential equations},
volume = {26},
number = {1-2},
pages = {101-174}
}


@article{mccann1997convexity,
  title={A convexity principle for interacting gases},
  author={McCann, R. J.},
  journal={Advances in {M}athematics},
  volume={128},
  number={1},
  pages={153--179},
  year={1997},
  publisher={Elsevier}
}

@article{ambrosio2005gradient,
  title={Gradient Flows: in Metric Spaces and in the Space of Probability Measures},
  author={Ambrosio, L. and Gigli, N. and Savar{\'e}, G.},
  journal={Lectures in Mathematics ETH Z{\"u}rich},
  year={2005},
  publisher={Basel: Birkh{\"a}user Verlag}
}


@article{agueh2005existence,
  title={Existence of solutions to degenerate parabolic equations via the {Monge-Kantorovich} theory},
  author={Agueh, M.},
  journal={Advances in Differential Equations},
  volume={10},
  number={3},
  pages={309--360},
  year={2005},
  publisher={Khayyam Publishing, Inc.}
}


@article{caffarelli1992boundary,
  title={Boundary regularity of maps with convex potentials},
  author={Caffarelli, L. A},
  journal={Communications on pure and applied mathematics},
  volume={45},
  number={9},
  pages={1141--1151},
  year={1992},
  publisher={Wiley Online Library}
}


%%% Generality %%%%



@book{Villani03,
  title={Topics in Optimal Transportation},
  author={Villani, C.},
  isbn={9780821833124},
  lccn={03040350},
  series={Graduate Studies in Mathematics Series},
  url={http://books.google.fr/books?id=GqRXYFxe0l0C},
  year={2003},
  publisher={American Mathematical Society}
}

@article{Kantorovich42,
	Address = {Hingham, MA, USA},
	Author = {L. Kantorovich},
	OPTannote = {Translated in Management Science, Vol. 5, pp. 1--4, 1959},
	Number = {2},
	Pages = {227-229},
	journal = {Doklady Akademii Nauk},
	Title = {On the transfer of masses (in Russian)},
	Volume = {37},
	Year = {1942}
}

@book{Burkard09,
 author = {Burkard, R. and Dell'Amico, M. and Martello, S.},
 title = {Assignment Problems},
 year = {2009},
 isbn = {0898716632, 9780898716634},
 publisher = {Society for Industrial and Applied Mathematics},
 address = {Philadelphia, PA, USA},
} 


%%% Applications %%%


@article{RubTomGui00,
	Author = {Y. Rubner and C. Tomasi and L.J. Guibas},
	Journal = {International Journal of Computer Vision},
	Title = {The Earth Mover's Distance as a Metric for Image Retrieval},
	Volume = {40},
	number = 2, 
	Year = {2000}}


@article{Bonneel-displacement, 
author = {Bonneel, N. and {van de Panne}, M. and Paris, S. and Heidrich, W.}, 
title = {Displacement Interpolation Using {Lagrangian} Mass Transport}, 
journal = {ACM Transactions on Graphics (SIGGRAPH ASIA'11)}, 
volume = {30}, 
number = {6}, 
year = {2011}, 
}

@article{Merigot2011,
author = {M\'erigot, Q.},
title = {A multiscale approach to optimal transport},
journal = {Computer Graphics Forum},
volume = 30,
number = {5},
pages = {1583--1592},
year = {2011}
}

@book{erlander1990gravity,
	Author = {Erlander, S. and Stewart, N.F.},
	Publisher = {Vsp},
	Title = {{The gravity model in transportation analysis: theory and extensions}},
	Year = {1990}}


@Article{2014-xia-siims,
    title = "Synthesizing and Mixing Stationary {Gaussian} Texture Models",
   	author = "G-S. Xia and S. Ferradans and G. Peyr{\'e} and J-F. Aujol",
     journal = "SIAM Journal on Imaging Sciences",
     year = "2014",
	volume = 7,
	number = 1, 
	pages = "476--508",
}


@article{FrischNaturee,
    AUTHOR = {U. Frisch and S. Matarrese and  R. Mohayaee and A. Sobolevski} , 
     TITLE = {{Monge-Ampere-Kantorovitch} {(MAK)} reconstruction of the early universe} ,
   JOURNAL = {Nature}, 
    VOLUME = {417},
      YEAR = {2002},
    NUMBER = {260},
}

%%% Dynamic formulation %%%

@article{Benamou2000,
 author = {Benamou, J.-D.  and Brenier, Y. },
 title = {A computational fluid mechanics solution of the {M}onge-{K}antorovich mass transfer problem},
journal={Numerische Mathematik}, 
volume={84},
number={3},
year={2000},
pages={375--393}
}


@article{FPapPeyOud13,
title = "Optimal Transport with Proximal Splitting",
   	author = "N. Papadakis and G. Peyr{\'e} and E. Oudet",
	journal = "SIAM Journal on Imaging Sciences",
	volume = 7, 
	number = 1, 
	pages =  "212--238", 
     year = "2014",
}

%%% Entropic regularization and OT %%%


@inproceedings{CuturiSinkhorn,
  author = {Cuturi, M.},
  booktitle = {Advances in Neural Information Processing Systems (NIPS) 26},
  pages = {2292--2300},
  title = {Sinkhorn Distances: Lightspeed Computation of Optimal Transport.},
  year = 2013
}

@techreport{Galichon-Entropic, 
author = {A. Galichon and B. Salani\'e}, 
title = {Matching with Trade-offs: Revealed Preferences over Competing Characteristics},  
institution = "Preprint SSRN-1487307",
year = {2009}, 
}


% shrodinger problem
@article{RuschendorfThomsen,
	Author = {Ruschendorf, L. and W. Thomsen},
	Journal = {Theory of Probability and its Applications},
	volume = {42},
	number = 3, 
	Pages = {483--494},
	Title = {Closedness of Sum Spaces and the Generalized {Schrodinger} Problem},
	Year = {1998}}
	
@article{LeonardShrodinger,
	Author = {C. Leonard},
	Journal = {Discrete Contin. Dyn. Syst. A},
	volume = {34},
	number = 4,
	Pages = {1533--1574},
	Title = {A survey of the {Schrodinger} problem and some of its connections with optimal transport},
	Year = {2014}}
	
	
@article{Shrodinger31,
	Author = {E. Schrodinger},
	Journal = {Sitzungsberichte Preuss. Akad. Wiss. Berlin. Phys. Math.},
	volume = {144},
	Pages = {144--153},
	Title = {Uber die Umkehrung der Naturgesetze},
	Year = {1931}}


%%%% Diagonal scaling %%%%

@article{Sinkhorn64,
	Author = {R. Sinkhorn},
	Journal = {Ann. Math. Statist.},
	volume = {35},
	Pages = {876--879},
	Title = {A relationship between arbitrary positive matrices and doubly stochastic matrices},
	Year = {1964}}
	
@article{SinkhornKnopp67,
	Author = {R. Sinkhorn and P . Knopp},
	Journal = {Pacific J. Math.},
	volume = {21},
	Pages = {343--348},
	Title = {Concerning nonnegative matrices and doubly stochastic matrices},
	Year = {1967}}
	

@article{Sinkhorn67,
	Author = {R. Sinkhorn},
	Journal = {Amer. Math. Monthly},
	volume = {74},
	Pages = {402--405},
	Title = {Diagonal equivalence to matrices with prescribed row and column sums},
	Year = {1967}}
	
% IPFP original paper
@article{DemingStephanIPFP,
author =	"W.~E. Deming and F.~F. Stephan",
  title =	"On a Least Squares Adjustment of a Sampled Frequency
		 Table when the Expected Marginal Totals are Known",
  journal =	"Annals Mathematical Statistics",
  year = 	"1940",
  volume =	"11",
  number = 4, 
  pages =	"427--444",
  comment =	"Introduces iterative updating procedure; useful for
		 computing maximum-entropy solution.",
}


% infinite dimension
@article{Ruschendorf95,
	Author = {L. Ruschendorf},
	Journal = {The Annals of Statistics},
	volume = {23},
	number = 4,
	Pages = {1160--1174},
	Title = {Convergence of the Iterative Proportional Fitting Procedure},
	Year = {1995}}

%%% KL PROX %%%


@article {bauschke-lewis,
    AUTHOR = {Bauschke, H. H. and Lewis, A. S.},
     TITLE = {Dykstra's algorithm with {B}regman projections: a convergence
              proof},
   JOURNAL = {Optimization},
  FJOURNAL = {Optimization. A Journal of Mathematical Programming and
              Operations Research},
    VOLUME = {48},
      YEAR = {2000},
    NUMBER = {4},
     PAGES = {409--427}
}	
	
@Article{Dykstra83,
  author =	"R. L. Dykstra",
  title =	"An algorithm for restricted least squares regression",
  journal =	"J. Amer. Stat.",
  year = 	"1983",
  volume =	"78",
  number = 384, 
  pages =	"839--842",
}

% Dykstra with bregman div
@Article{CensorReich-Dykstra,
  author =	"Y. Censor and S. Reich",
  title =	"The {Dykstra} algorithm with {Bregman} projections",
  journal =	"Communications in Applied Analysis",
  year = 	"1998",
  volume =	"2",
  pages =	"407--419",
}
@Article{BregmanCensorReich-Dykstra,
  author =	"L.M. Bregman and Y. Censor and S. Reich",
  title =	"Dykstra's algorithm as the nonlinear extension of {Bregman's} optimization method",
  journal =	"Journal of Convex Analysis",
  year = 	"1999",
  volume =	"6",
  pages =	"319--333",
}

% primal-dual
@Article{ChambollePock-div,
  author =	"A. Chambolle and T. Pock",
  title =	"On the ergodic convergence rates of a first-order primal-dual algorithm",
  journal =	"preprint",
  year = 	"2014",
}

@Article{WangBanerjee-ADMM,
  author =	"H. Wang and A. Banerjee",
  title =	"Bregman Alternating Direction Method of Multipliers",
  journal =	"preprint arXiv:1306.3203",
  year = 	"2014",
}



% extension from indicators to general proximable functions
@Article{BauschkeCombettes-Dykstra,
  author =	"H. H. Bauschke and P. L. Combettes",
  title =	"A {Dykstra}-like algorithm for two monotone operators",
  journal =	"Pacific Journal of Optimization",
  year = 	"2008",
  volume =	"4",
  number = 3, 
  pages =	"383--391",
}

% Bregman projections
@article{bregman1967relaxation,
	Author = {Bregman, L. M.},
	Journal = {USSR computational mathematics and mathematical physics},
	Number = {3},
	Pages = {200--217},
	Publisher = {Elsevier},
	Title = {The relaxation method of finding the common point of convex sets and its application to the solution of problems in convex programming},
	Volume = {7},
	Year = {1967}}




%%% L2 PROX %%%


@book{BauschkeCombettes11,
	Address = {New York},
	Author = {H. H. Bauschke and P. L. Combettes},
	Date-Added = {2011-07-25 22:36:34 +0200},
	Date-Modified = {2011-08-20 15:12:52 +0200},
	Publisher = {Springer-Verlag},
	Title = {Convex Analysis and Monotone Operator Theory in {H}ilbert Spaces.},
	Year = {2011}}

@article {bhatt2006,
    AUTHOR = {Bhattacharya, B.},
     TITLE = {An iterative procedure for general probability measures to
              obtain {I}-projections onto intersections of convex sets},
   JOURNAL = {Ann. Statist.},
  FJOURNAL = {The Annals of Statistics},
    VOLUME = {34},
      YEAR = {2006},
    NUMBER = {2},
     PAGES = {878--902},
      ISSN = {0090-5364},
     CODEN = {ASTSC7},
   MRCLASS = {62B10 (60B10 65C50)},
  MRNUMBER = {2283396 (2008f:62012)},
MRREVIEWER = {Ludger R{\"u}schendorf},
       DOI = {10.1214/009053606000000056},
       URL = {http://dx.doi.org/10.1214/009053606000000056},
}

@article {dyk,
    AUTHOR = {Dykstra, R. L.},
     TITLE = {An iterative procedure for obtaining {$I$}-projections onto
              the intersection of convex sets},
   JOURNAL = {Ann. Probab.},
  FJOURNAL = {The Annals of Probability},
    VOLUME = {13},
      YEAR = {1985},
    NUMBER = {3},
     PAGES = {975--984},
      ISSN = {0091-1798},
     CODEN = {APBYAE},
   MRCLASS = {62B10 (52A99 62H17 90C15)},
  MRNUMBER = {799432 (87d:62009)},
MRREVIEWER = {I. Vajda},
       URL =
              {http://links.jstor.org/sici?sici=0091-1798(198508)13:3<975:AIPFOO>2.0.CO;2-U&origin=MSN},
}

@article {csis,
    AUTHOR = {Csisz{\'a}r, I.},
     TITLE = {{$I$}-divergence geometry of probability distributions and
              minimization problems},
   JOURNAL = {Ann. Probability},
    VOLUME = {3},
      YEAR = {1975},
     PAGES = {146--158},
   MRCLASS = {62B10 (60E05)},
  MRNUMBER = {0365798 (51 \#2050)},
MRREVIEWER = {I. J. Good},
}


@article {EcksteinProxPoint,
    AUTHOR = {J. Eckstein},
     TITLE = {Nonlinear proximal point algorithms using {Bregman} functions, with applications to convex programming},
   JOURNAL = {Mathematics of Operations Research},
    VOLUME = {18},
    Number = 1, 
     PAGES = {202--226},
      YEAR = {1993},
}
@article {KiwielProxPoint,
    AUTHOR = {K.C. Kiwiel},
     TITLE = {Proximal minimization methods with generalized {Bregman} functions},
   JOURNAL = {SIAM J. Control Optim.},
    VOLUME = 35,
    Number = 4, 
     PAGES = {1142--1168},
      YEAR = {1997},
}

% Point prox
% Dual convergence of the proximal point method with Bregman distances for linear programming J. X. CRUZ NETO?, O. P. FERREIRA?, A. N. IUSEM§ and R. D. C. MONTEIRO

% Proximal minimization ... with Generalized Bregman Functions Krzysztof C?? Kiwiel


@article {SolodovSvaiterBregman,
    AUTHOR = {M. V. Solodov and B. F. Svaiter},
     TITLE = {An inexact hybrid generalized proximal point algorithm and some new results on the theory of {Bregman} functions},
   JOURNAL = {Mathematics of Operations Research},
    VOLUME = "25",
    Number = "2", 
     PAGES = {214--230},
      YEAR = {2000},
}





%%% BARYCENTERS %%%

	
@article {carlierekelandmatching,
    AUTHOR = {Carlier, G. and Ekeland, I.},
     TITLE = {Matching for teams},
   JOURNAL = {Econom. Theory},
  FJOURNAL = {Economic Theory},
    VOLUME = {42},
      YEAR = {2010},
    NUMBER = {2},
     PAGES = {397--418},
      ISSN = {0938-2259},
     CODEN = {ECTHEA},
   MRCLASS = {49Q20 (49K21 90C46 91B24 91B68)},
  MRNUMBER = {2564442 (2011g:49089)},
MRREVIEWER = {Luigi De Pascale},
       DOI = {10.1007/s00199-008-0415-z},
       URL = {http://dx.doi.org/10.1007/s00199-008-0415-z},
}



@article{Pass2,
author = {Pass, B.},
collaboration = {},
title = {Uniqueness and {Monge} Solutions in the Multimarginal Optimal Transportation Problem},
publisher = {SIAM},
year = {2011},
journal = {SIAM Journal on Mathematical Analysis},
volume = {43},
number = {6},
pages = {2758-2775},
url = {http://link.aip.org/link/?SJM/43/2758/1},
doi = {10.1137/100804917}
}


@article {PassMultimarginal,
    AUTHOR = {Pass, B.},
     TITLE = {On the local structure of optimal measures in the
              multi-marginal optimal transportation problem},
   JOURNAL = {Calc. Var. Partial Differential Equations},
  FJOURNAL = {Calculus of Variations and Partial Differential Equations},
    VOLUME = {43},
      YEAR = {2012},
    NUMBER = {3-4},
     PAGES = {529--536},
      ISSN = {0944-2669},
   MRCLASS = {49Q20 (58E17 91B24)},
  MRNUMBER = {2875651},
MRREVIEWER = {Francesco Maggi},
       DOI = {10.1007/s00526-011-0421-z},
       URL = {http://dx.doi.org/10.1007/s00526-011-0421-z},
}

@article{BregmanProj2015,
  title={Iterative {Bregman} Projections for Regularized Transportation Problems},
  author={Benamou, J-D. and Carlier, G.  and Cuturi, M. and Nenna, L. and Peyr\'e , G.},
  journal={to appear in SIAM J. Sci. Comp.},
  year={2015}
}

@article{Carlier_wasserstein_barycenter,
	Author = {M. Agueh and G. Carlier},
	Journal = {SIAM J. on Mathematical Analysis},
	Number = {2},
	Pages = {904--924},
	Title = {Barycenters in the {W}asserstein space},
	Volume = {43},
	Year = {2011}}
	
@inproceedings{CuturiBarycenter,
	Author = {M. Cuturi and A. Doucet},
    booktitle = {Proceedings of the 31st International Conference on Machine Learning (ICML), JMLR W\&CP},
    Volume={32},
	Title = {Fast Computation of {Wasserstein} Barycenters},
	Year = {2014}
}

@techreport{Carlier-NumericsBarycenters,
	Author = {G. Carlier and A. Oberman and E. Oudet},
	Title = {Numerical methods for matching for teams and {Wasserstein} barycenters},
	Type = {Preprint},
	institution = "Ceremade",
	Year = {2014}}


@article{BigotBarycenter,
	Author = {Bigot, J. and Klein, T.},
	journal = {Preprint arXiv:1212.2562},
	Title = {Consistent estimation of a population barycenter in the
{W}asserstein space},
	Year = {2012}
}

@Article{2013-Bonneel-barycenter,
    title = "Sliced and Radon {Wasserstein} Barycenters of Measures",
   	author = "N. Bonneel and J. Rabin and G. Peyr{\'e} and H. Pfister",
	journal = "to appear in Journal of Mathematical Imaging and Vision",
	doi = "10.1007/s10851-014-0506-3", 
     year = "2014",
     url = {http://hal.archives-ouvertes.fr/hal-00881872/},
}

% in machine learning
@inproceedings{Solomon-ICML,
    title = "Wasserstein Propagation for Semi-Supervised Learning",
   	author = "J. Solomon and R.M. Rustamov and L. Guibas and A. Butscher",
     booktitle = "Proc. ICML 2014",
     year = "2014", 
}

%% Euler %%

@article{BrenierEulerAMS,
year={1990},
journal={J. of the AMS},
volume={2},
title={The least action principle and the related concept of generalized flows for incompressible perfect fluids},
author={Brenier, Y.},
pages={225--255},
language={English}
}

% partial transport % 



@article {FigalliPartial,
    AUTHOR = {Figalli, A.},
     TITLE = {The optimal partial transport problem},
   JOURNAL = {Arch. Ration. Mech. Anal.},
  FJOURNAL = {Archive for Rational Mechanics and Analysis},
    VOLUME = {195},
      YEAR = {2010},
    NUMBER = {2},
     PAGES = {533--560},
      ISSN = {0003-9527},
   MRCLASS = {49Q20 (35K96)},
  MRNUMBER = {2592287 (2011f:49069)},
MRREVIEWER = {Filippo Santambrogio},
       DOI = {10.1007/s00205-008-0212-7},
       URL = {http://dx.doi.org/10.1007/s00205-008-0212-7},
}
	


@article {MR2630054,
    AUTHOR = {Caffarelli, L. A. and McCann, R. J.},
     TITLE = {Free boundaries in optimal transport and {M}onge-{A}mp\`ere
              obstacle problems},
   JOURNAL = {Ann. of Math. (2)},
  FJOURNAL = {Annals of Mathematics. Second Series},
    VOLUME = {171},
      YEAR = {2010},
    NUMBER = {2},
     PAGES = {673--730},
      ISSN = {0003-486X},
     CODEN = {ANMAAH},
   MRCLASS = {49Q20 (35K96)},
  MRNUMBER = {2630054 (2011b:49116)},
MRREVIEWER = {Luca Granieri},
       DOI = {10.4007/annals.2010.171.673},
       URL = {http://dx.doi.org/10.4007/annals.2010.171.673},
}


@article {km1,
    AUTHOR = {K. Jonathan and McCann, R. J.},
     TITLE = {Optimal transportation with capacity constraints}     , 
   JOURNAL = {Preprint arXiv:1201.6404} ,
       YEAR = {2012},
       }

@article{JonathanMcCannCapacity,
    AUTHOR = {K. Jonathan and McCann, R. J.},
     TITLE = {Insights into capacity constrained optimal transport },
     JOURNAL = {Proc. Natl. Acad. Sci. USA}, 
     Volume={110} ,
      Pages={10064--10067}, 
        YEAR = {2013},
       }


%%% optim %%%
@book{rockafellar1996convex,
	Author = {Rockafellar, R.T.},
	Date-Added = {2014-11-04 15:55:35 +0000},
	Date-Modified = {2014-11-04 15:55:35 +0000},
	Publisher = {Princeton University Press},
	Title = {Convex analysis},
	Volume = {28},
	Year = {1996}}


%%% heat method %%%%
@article{ConvolutionalOT,
    AUTHOR = {J. Solomon and F. {de Goes} and G. Peyr\'e and M. Cuturi and A. Butscher and A. Nguyen and T. Du and L. Guibas},
     TITLE = {Convolutional {Wasserstein} Distances: Efficient Optimal Transportation on Geometric Domains},
     JOURNAL = {Preprint}, 
        YEAR = {2015},
       }
       


@article {varadhan-1967,
author = {Varadhan, S. R. S.},
title = {On the behavior of the fundamental solution of the heat equation with variable coefficients},
journal = {Communications on Pure and Applied Mathematics},
volume = {20},
number = {2},
pages = {431--455},
year = {1967},
}


@article{crane-2013,
 author = {Crane, K. and Weischedel, C. and Wardetzky, M.},
 title = {Geodesics in Heat: A New Approach to Computing Distance Based on Heat Flow},
 journal = {ACM Trans. Graph.},
 volume = {32},
 number = {5},
 month = oct,
 year = {2013},
 pages = {152:1--152:11},
} 


@book{botsch-2010,
  title={Polygon Mesh Processing},
  author={Botsch, M. and Kobbelt, L. and Pauly, M. and Alliez, P. and Levy, B.},
  year={2010},
  publisher={Taylor \& Francis}
}

 @book{Davis:2006,
 author = {Davis, T. A.},
 title = {Direct Methods for Sparse Linear Systems},
 year = {2006},
 publisher = {SIAM},
} 


%% filtering


@techreport{deriche-1993,
  TITLE = {Recursively implementing the {G}aussian and its derivatives},
  AUTHOR = {Deriche, R.},
  institution = "INRIA", 
  NUMBER = {RR-1893},
  PAGES = {24},
  YEAR = {1993},
}

%%%% NUMERICS %%%% 


%% Eulerian %%

% interior points
@article{Burger-JKO,
  title={Regularised Regression and Density Estimation based on Optimal Transport},
  author={M. Burger and M. Franeka and C-B. Schonlieb},
  journal={Appl. Math. Res. Express},
  volume = 2,
  pages = "209--253",  
  year={2012},
}

% Linearization and finite elements
@article{burger2010mixed,
  title={A mixed finite element method for nonlinear diffusion equations},
  author={Burger, M. and Carrillo, J. A. and Wolfram, M-T.},
  journal={Kinetic and Related Models},
  volume={3},
  number={1},
  pages={59--83},
  year={2010}
}

% finite volume
@article{CarrilloFiniteVolume,
author = {Carrillo, J. A. and Chertock, A. and Huang, Y.},
title = {A Finite-Volume Method for Nonlinear Nonlocal Equations with a Gradient Flow Structure},
journal = {Communications in Computational Physics},
volume = {17},
issue = {01},
month = {1},
year = {2015},
issn = {1991-7120},
pages = {233--258},
}

%% 1-D case using inverse cumulatives %%

@article{kinderlehrer1999approximation,
  title={Approximation of parabolic equations using the {Wasserstein} metric},
  author={Kinderlehrer, D. and Walkington, N. J},
  journal={ESAIM: Mathematical Modelling and Numerical Analysis},
  volume={33},
  number={04},
  pages={837--852},
  year={1999},
  publisher={Cambridge Univ Press}
}

@article{blanchet2008convergence,
  title={Convergence of the mass-transport steepest descent scheme for the subcritical Patlak-Keller-Segel model},
  author={Blanchet, A. and Calvez, V. and Carrillo, J. A},
  journal={SIAM Journal on Numerical Analysis},
  volume={46},
  number={2},
  pages={691--721},
  year={2008},
  publisher={SIAM}
}

@article{agueh2013one,
  title={One-dimensional numerical algorithms for gradient flows in the $p$-{Wasserstein} spaces},
  author={Agueh, M. and Bowles, M.},
  journal={Acta Applicandae Mathematicae},
  volume={125},
  number={1},
  pages={121--134},
  year={2013},
  publisher={Springer}
}


@article{Matthes1D,
  title={Convergence of a variational Lagrangian scheme for a nonlinear drift diffusion equation},
  author={D. Matthes and H. Osberger},
  journal={Preprint arXiv:1301.0747},
  year={2014},
}

@article{blanchet2012optimal,
  title={Optimal transport and {Cournot-Nash} equilibria},
  author={Blanchet, A. and Carlier, G.},
  journal={arXiv preprint arXiv:1206.6571},
  year={2012}
}



%%% Lagrangian schemes %%%

% Warping
@article{carrillo2009numerical,
  title={Numerical simulation of diffusive and aggregation phenomena in nonlinear continuity equations by evolving diffeomorphisms},
  author={Carrillo, J. A and Moll, J. S.},
  journal={SIAM Journal on Scientific Computing},
  volume={31},
  number={6},
  pages={4305--4329},
  year={2009},
  publisher={SIAM}
}


% Gradient of convex functions
@article{JDB-JKO,
  title={Discretization of functionals involving the {Monge-Amp\`ere} Operator},
  author={J-D. Benamou and G. Carlier and Q. M\'erigot AND E. Oudet},
  journal={Preprint arXiv:1408.4536},
  year={2014},
}

% Particules system: 
@article{Westdickenberg2010,
author = {Westdickenberg, M. and Wilkening, J.},
journal = {ESAIM: Mathematical Modelling and Numerical Analysis},
number = {1},
pages = {133-166},
publisher = {EDP Sciences},
title = {Variational particle schemes for the porous medium equation and for the system of isentropic {Euler} equations},
volume = {44},
year = {2010},
}



% Moving mesh 
@article{BuddMoving,
author = {C.J. Budd and M.J.P. Cullen and E.J. Walsh},
journal = {Journal of Computational Physics},
pages = {247--270},
publisher = {EDP Sciences},
title = {{Monge-Amp\`ere} based moving mesh methods for numerical weather prediction, with applications to the Eady problem},
volume = {236},
year = {2013},
}

@article{ArtachoNonCvx,
author = {A. Artacho and F. J., Borwein and J. M.},
journal = {J. Global Optimization},
pages = {1--17},
title = {Global convergence of a non-convex Douglas-Rachford iteration},
  volume={57},
  number={3},
year = {2012},
}

@article{BauschkeNonCvx,
author = {H. H. Bauschke and P. L. Combettes and D. R. Luke},
journal = {J. Opt. Soc. Am. A},
pages = {1334--1345},
title = {Phase retrieval, error reduction algorithm, and {Fienup} variants: A view from convex optimization},
  volume={19},
  number={7},
year = {2002},
}

%
@article{AdamsCMP, 
year={2011},
issn={0010-3616},
journal={Communications in Mathematical Physics},
volume={307},
number={3},
doi={10.1007/s00220-011-1328-4},
title={From a Large-Deviations Principle to the Wasserstein Gradient Flow: A New Micro-Macro Passage},
url={http://dx.doi.org/10.1007/s00220-011-1328-4},
publisher={Springer-Verlag},
author={Adams, S. and Dirr, N. and Peletier, M. and Zimmer, J.},
pages={791--815},
language={English}
}

%
@article{GianazzaARMA, 
year={2009},
issn={0003-9527},
journal={Archive for Rational Mechanics and Analysis},
volume={194},
number={1},
doi={10.1007/s00205-008-0186-5},
title={The Wasserstein Gradient Flow of the {Fisher} Information and the Quantum Drift-diffusion Equation},
url={http://dx.doi.org/10.1007/s00205-008-0186-5},
publisher={Springer-Verlag},
author={Gianazza, U. and Savar\'e, G. and Toscani, G.},
pages={133--220},
language={English}
}

% structure preserving

@article{MielkeCVPDE, 
year={2013},
journal={Calculus of Variations and Partial Differential Equations},
volume={48},
number={1-2},
title={Geodesic convexity of the relative entropy in reversible Markov chains},
publisher={Springer Berlin Heidelberg},
author={Mielke, A.},
pages={1--31},
}

@article{ErbarDCDS, 
year={2014},
journal={Discrete Contin. Dyn. Syst.},
volume={34},
number={4},
title={Gradient flow structures for discrete porous medium equations},
author={Erbar, M. and Maas, J.},
pages={1355--1374},
}

@article{ChowHuangLiZhou2012, 
year={2012},
issn={0003-9527},
journal={Archive for Rational Mechanics and Analysis},
volume={203},
number={3},
doi={10.1007/s00205-011-0471-6},
title={Fokker-Planck Equations for a Free Energy Functional or Markov Process on a Graph},
publisher={Springer-Verlag},
author={Chow, S-N. and Huang, W. and Li, Y. and Zhou, H.},
pages={969--1008},
}


@article{Maas2011, 
title = "Gradient flows of the entropy for finite Markov chains ",
journal = "Journal of Functional Analysis ",
volume = "261",
number = "8",
pages = "2250--2292",
year = "2011",
doi = "http://dx.doi.org/10.1016/j.jfa.2011.06.009",
author = "J. Maas",
}
